<record><leader>00000cas a2200000 a 4500</leader><controlfield tag="001">14982771</controlfield><controlfield tag="008">861217d19141947akudn ne      0    0eng  </controlfield><datafield ind1=" " ind2=" " tag="010"><subfield code="a">sn 86072239 </subfield></datafield><datafield ind1=" " ind2=" " tag="040"><subfield code="a">DLC</subfield><subfield code="b">eng</subfield><subfield code="c">DLC</subfield><subfield code="d">NSD</subfield><subfield code="d">ANE</subfield><subfield code="d">DLC</subfield><subfield code="d">OCLCO</subfield><subfield code="d">OCLCQ</subfield><subfield code="d">OCLCF</subfield></datafield><datafield ind1="1" ind2=" " tag="029"><subfield code="a">AU@</subfield><subfield code="b">000020454120</subfield></datafield><datafield ind1=" " ind2=" " tag="042"><subfield code="a">pcc</subfield></datafield><datafield ind1=" " ind2=" " tag="043"><subfield code="a">n-us-ak</subfield></datafield><datafield ind1="0" ind2="0" tag="050"><subfield code="a">Newspaper</subfield></datafield><datafield ind1="0" ind2="4" tag="245"><subfield code="a">The Cordova daily times.</subfield></datafield><datafield ind1="3" ind2="0" tag="246"><subfield code="a">Daily times</subfield></datafield><datafield ind1="1" ind2="3" tag="246"><subfield code="a">Cordova times</subfield></datafield><datafield ind1=" " ind2=" " tag="260"><subfield code="a">Cordova, Alaska :</subfield><subfield code="b">E.H. Pettijohn,</subfield><subfield code="c">1914-1947.</subfield></datafield><datafield ind1=" " ind2=" " tag="300"><subfield code="a">33 v.</subfield></datafield><datafield ind1=" " ind2=" " tag="310"><subfield code="a">Daily (except Sunday)</subfield></datafield><datafield ind1="0" ind2=" " tag="362"><subfield code="a">Vol. 1, no. 1 (Dec 2, 1914)-v. 33, no. 16 (Jan. 17, 1947).</subfield></datafield><datafield ind1=" " ind2=" " tag="530"><subfield code="a">Available on microfilm from the Library of Congress, Photoduplication Service.</subfield></datafield><datafield ind1=" " ind2="0" tag="651"><subfield code="a">Cordova (Alaska)</subfield><subfield code="v">Newspapers.</subfield></datafield><datafield ind1=" " ind2="7" tag="655"><subfield code="a">Newspapers.</subfield><subfield code="2">fast</subfield><subfield code="0">(OCoLC)fst01423814</subfield></datafield><datafield ind1=" " ind2="7" tag="651"><subfield code="a">Alaska</subfield><subfield code="z">Cordova.</subfield><subfield code="2">fast</subfield><subfield code="0">(OCoLC)fst01207499</subfield></datafield><datafield ind1=" " ind2=" " tag="752"><subfield code="a">United States</subfield><subfield code="b">Alaska</subfield><subfield code="d">Cordova.</subfield></datafield><datafield ind1="0" ind2=" " tag="775"><subfield code="t">Alaska times (Cordova, Alaska)</subfield><subfield code="w">(DLC)sn 98059785</subfield><subfield code="w">(OCoLC)39353350</subfield></datafield><datafield ind1="0" ind2="0" tag="785"><subfield code="t">Cordova times</subfield><subfield code="w">(DLC)sn 84020660</subfield><subfield code="w">(OCoLC)2683912</subfield></datafield></record>